@inproceedings{Obrien:1999:GMA,
  publisher = {ACM Press/Addison-Wesley Publishing Co.},
  doi = {http://doi.acm.org/10.1145/311535.311550},
  title = {Graphical Modeling and Animation of Brittle Fracture},
  booktitle = {Proceedings of ACM SIGGRAPH 1999},
  author = {James F. O'Brien and Jessica K. Hodgins},
  month = aug,
  year = 1999,
  pages = {137--146},
  url = {http://graphics.cs.berkeley.edu/papers/Obrien-GMA-1999-08/},
}

@article{Bender:2014,
title = "Interactive simulation of rigid body dynamics in computer graphics",
author = "Jan Bender and Kenny Erleben and Jeff Trinkle",
year = "2014",
doi = "10.1111/cgf.12272",
volume = "33",
pages = "246--270",
journal = "Computer Graphics Forum (Print)",
issn = "0167-7055",
publisher = "Wiley-Blackwell Publishing Ltd.",
number = "1",
}

@phdthesis {erleben.thesis,
title="Stable, Robust, and Versatile Multibody Dynamics Animation",
author="Kenny Erleben",
school="University of Copenhagen",
year="2005",
url="\url{http://image.diku.dk/kenny/download/erleben.05.thesis.pdf}",
}

@misc{erwin.oscar,
title="TECHNICAL ACHIEVEMENT AWARDS (ACADEMY CERTIFICATES)",
author="The Academy of Motion Picture Arts and Sciences",
year="2015",
url="\url{//www.oscars.org/news/21-scientific-and-technical-achievements-be-honored-academy-awardsr}",
}

@misc{bulletphysics,
title="Bullet Physics Library",
author="Erwin Coumans",
year="2003-2015",
url="\url{//bulletphysics.org/}",
}